@article{Demsar2016BalancedMixture,
    title = {{A Balanced Mixture of Antagonistic Pressures Promotes the Evolution of Parallel Movement}},
    year = {2016},
    journal = {Scientific Reports},
    author = {Dem{\v{s}}ar, Jure and {\v{S}}trumbelj, Erik and Lebar Bajec, Iztok},
    volume = {6},
    doi = {10.1038/srep39428}
}

@article{Demsar2017LinguisticEvolution,
    title = {{Evolution of Collective Behaviour in an Artificial World Using Linguistic Fuzzy Rule-Based Systems}},
    year = {2017},
    journal = {PLoS ONE},
    author = {Dem{\v{s}}ar, Jure and Lebar Bajec, Iztok},
    number = {1},
    pages = {1--20},
    volume = {12},
    doi = {10.1371/journal.pone.0168876}
}

@misc{vatsal2024surveypromptengineeringmethods,
      title={A Survey of Prompt Engineering Methods in Large Language Models for Different NLP Tasks}, 
      author={Shubham Vatsal and Harsh Dubey},
      year={2024},
      eprint={2407.12994},
      archivePrefix={arXiv},
      primaryClass={cs.CL},
      url={https://arxiv.org/abs/2407.12994}, 
}

@inproceedings{inproceedings,
author = {Xiang, Jiannan and Liu, Zhengzhong and Zhou, Yucheng and Xing, Eric and Hu, Zhiting},
year = {2022},
month = {01},
pages = {1886-1899},
title = {ASDOT: Any-Shot Data-to-Text Generation with Pretrained Language Models},
doi = {10.18653/v1/2022.findings-emnlp.136}
}

@misc{bian2024helmhighlightedevidenceaugmented,
      title={HeLM: Highlighted Evidence augmented Language Model for Enhanced Table-to-Text Generation}, 
      author={Junyi Bian and Xiaolei Qin and Wuhe Zou and Mengzuo Huang and Congyi Luo and Ke Zhang and Weidong Zhang},
      year={2024},
      eprint={2311.08896},
      archivePrefix={arXiv},
      primaryClass={cs.CL},
      url={https://arxiv.org/abs/2311.08896}, 
}

@misc{lowrandadaptation,
      title={The Expressive Power of Low-Rank Adaptation}, 
      author={Yuchen Zeng and Kangwook Lee},
      year={2024},
      eprint={2310.17513},
      archivePrefix={arXiv},
      primaryClass={cs.LG},
      url={https://arxiv.org/abs/2310.17513}, 
}

@misc{qlora,
      title={Low-Rank Quantization-Aware Training for LLMs}, 
      author={Yelysei Bondarenko and Riccardo Del Chiaro and Markus Nagel},
      year={2024},
      eprint={2406.06385},
      archivePrefix={arXiv},
      primaryClass={cs.LG},
      url={https://arxiv.org/abs/2406.06385}, 
}

@misc{mahapatra2024impactmodelsizefinetuned,
      title={Impact of Model Size on Fine-tuned LLM Performance in Data-to-Text Generation: A State-of-the-Art Investigation}, 
      author={Joy Mahapatra and Utpal Garain},
      year={2024},
      eprint={2407.14088},
      archivePrefix={arXiv},
      primaryClass={cs.CL},
      url={https://arxiv.org/abs/2407.14088}, 
}